@article{tyler2020artificial,
  title={Artificial intelligence in decision support systems for type 1 diabetes},
  author={Tyler, Nichole S and Jacobs, Peter G},
  journal={Sensors},
  volume={20},
  number={11},
  pages={3214},
  year={2020},
  publisher={Multidisciplinary Digital Publishing Institute}
}

@article{zhu2020insulin,
  title={An insulin bolus advisor for type 1 diabetes using deep reinforcement learning},
  author={Zhu, Taiyu and Li, Kezhi and Kuang, Lei and Herrero, Pau and Georgiou, Pantelis},
  journal={Sensors},
  volume={20},
  number={18},
  pages={5058},
  year={2020},
  publisher={Multidisciplinary Digital Publishing Institute}
}

@article{resalat2019statistical,
  title={A statistical virtual patient population for the glucoregulatory system in type 1 diabetes with integrated exercise model},
  author={Resalat, Navid and El Youssef, Joseph and Tyler, Nichole and Castle, Jessica and Jacobs, Peter G},
  journal={PloS one},
  volume={14},
  number={7},
  pages={e0217301},
  year={2019},
  publisher={Public Library of Science San Francisco, CA USA}
}

@article{man2014uva,
  title={The UVA/PADOVA type 1 diabetes simulator: new features},
  author={Man, Chiara Dalla and Micheletto, Francesco and Lv, Dayu and Breton, Marc and Kovatchev, Boris and Cobelli, Claudio},
  journal={Journal of diabetes science and technology},
  volume={8},
  number={1},
  pages={26--34},
  year={2014},
  publisher={SAGE Publications Sage CA: Los Angeles, CA}
}

@article{mnih2013playing,
  title={Playing atari with deep reinforcement learning},
  author={Mnih, Volodymyr and Kavukcuoglu, Koray and Silver, David and Graves, Alex and Antonoglou, Ioannis and Wierstra, Daan and Riedmiller, Martin},
  journal={arXiv preprint arXiv:1312.5602},
  year={2013}
}